
@misc{noauthor_voip_2016,
	title = {{VoIP} jitter tolerance - {Learn} how to {Troubleshoot}},
	url = {https://datapath.io/resources/blog/what-is-acceptable-voip-jitter/},
	abstract = {Jitter in VoIP degrades call quality caused by poor QoS setting of the network,resulting voice packet loss. Learn how to fine-tune VoIP jitters.},
	language = {en-US},
	urldate = {2019-05-25},
	journal = {Datapath.io},
	month = jun,
	year = {2016}
}

@misc{noauthor_voip_2015,
	title = {{VoIP} {And} {How} {Much} {Jitter} {Is} {Acceptable}?},
	url = {https://voipstudio.com/blog/voip-how-much-jitter-is-acceptable/},
	abstract = {Jitter is a measure of consistency of a VoIP call. It's different from latency and is a critical component of quality measurement.},
	language = {en},
	urldate = {2019-05-25},
	journal = {VoIPstudio},
	month = dec,
	year = {2015},
	file = {Snapshot:/media/consti/linuxdata/Zotero/storage/ANM9GIIE/voip-how-much-jitter-is-acceptable.html:text/html}
}